@online{git,
	author = {},
	title = {Репозиторий с кодом},
	url = {https://github.com/PracticalOscillations/Practice3},
	urldate = {},
	media = {eresource},
}

@online{PyTorch,
	author = {},
	title = {PyTorch документация},
	url = {https://pytorch.org/docs/stable/index.html},
	urldate = {},
	media = {eresource},
}

@booktitle{Lagaris1998,
	title={Artificial neural networks for solving ordinary and partial differential equations.},
	author={Lagaris I.E., Likas A., Fotiadis D.I.},
	booktitle={IEEE Transactions on Neural Networks T. 9. № 5.},
	pages={987–1000},
	year={1998}
}

@booktitle{Raissi2019,
	title={Physics-informed neural networks: A deep learning framework for solving forward and inverse problems involving nonlinear partial differential equations.},
	author={Raissi M., Perdikaris P., Karniadakis G.E.},
	booktitle={Journal of Computational Physics T. 378.},
	pages={686–707},
	year={2019}
}